<record><leader>00000cas a2200000 a 4500</leader><controlfield tag="001">182828096</controlfield><controlfield tag="006">m     o  d        </controlfield><controlfield tag="007">cr bn|||||||||</controlfield><controlfield tag="008">071205d188319uudcuwr n o     0   a0eng  </controlfield><datafield ind1=" " ind2=" " tag="010"><subfield code="a">  2007264066</subfield></datafield><datafield ind1=" " ind2=" " tag="040"><subfield code="a">UPM</subfield><subfield code="b">eng</subfield><subfield code="c">UPM</subfield><subfield code="d">UPM</subfield><subfield code="d">OCLCQ</subfield><subfield code="d">OCLCA</subfield><subfield code="d">OCLCF</subfield><subfield code="d">OCLCQ</subfield></datafield><datafield ind1=" " ind2=" " tag="042"><subfield code="a">pcc</subfield></datafield><datafield ind1=" " ind2=" " tag="043"><subfield code="a">n-us-dc</subfield></datafield><datafield ind1="0" ind2=" " tag="130"><subfield code="a">Hatchet (Washington, D.C. : 1883)</subfield></datafield><datafield ind1="1" ind2="4" tag="245"><subfield code="a">The hatchet.</subfield></datafield><datafield ind1="1" ind2=" " tag="246"><subfield code="i">Masthead title:</subfield><subfield code="a">Washington hatchet</subfield></datafield><datafield ind1=" " ind2=" " tag="260"><subfield code="a">Washington, D.C. :</subfield><subfield code="b">W.J. Armstrong &amp; Co., Publishers</subfield></datafield><datafield ind1=" " ind2=" " tag="310"><subfield code="a">Weekly</subfield></datafield><datafield ind1=" " ind2=" " tag="336"><subfield code="a">text</subfield><subfield code="b">txt</subfield><subfield code="2">rdacontent</subfield></datafield><datafield ind1=" " ind2=" " tag="337"><subfield code="a">computer</subfield><subfield code="b">c</subfield><subfield code="2">rdamedia</subfield></datafield><datafield ind1=" " ind2=" " tag="338"><subfield code="a">online resource</subfield><subfield code="b">cr</subfield><subfield code="2">rdacarrier</subfield></datafield><datafield ind1="1" ind2=" " tag="362"><subfield code="a">Print began with v. 1, no. 1 (Dec. 1, 1883).</subfield></datafield><datafield ind1=" " ind2=" " tag="515"><subfield code="a">Numbering errors frequent.</subfield></datafield><datafield ind1=" " ind2=" " tag="588"><subfield code="a">Description based on: Vol. 15, no. 84 (Apr. 29, 1900); title from PDF caption (Library of Congress Chronicling America online collection, viewed Dec. 5, 2007).</subfield></datafield><datafield ind1=" " ind2=" " tag="588"><subfield code="a">Latest issue consulted: Vol. 15, no. 102? [i.e. 103, printed no. obscured by hand-written correction], (Sept. 16, 1900).</subfield></datafield><datafield ind1=" " ind2="0" tag="651"><subfield code="a">Washington (D.C.)</subfield><subfield code="v">Newspapers.</subfield></datafield><datafield ind1=" " ind2="7" tag="651"><subfield code="a">Washington (D.C.)</subfield><subfield code="2">fast</subfield><subfield code="0">(OCoLC)fst01204505</subfield></datafield><datafield ind1=" " ind2="7" tag="655"><subfield code="a">Newspapers.</subfield><subfield code="2">fast</subfield><subfield code="0">(OCoLC)fst01423814</subfield></datafield><datafield ind1=" " ind2=" " tag="752"><subfield code="a">United States</subfield><subfield code="b">District of Columbia</subfield><subfield code="d">Washington.</subfield></datafield><datafield ind1="0" ind2="8" tag="776"><subfield code="i">Print version:</subfield><subfield code="t">Hatchet (Washington, D.C. : 1883)</subfield><subfield code="w">(DLC)sn 82014159</subfield><subfield code="w">(OCoLC)8766407</subfield></datafield><datafield ind1="4" ind2="0" tag="856"><subfield code="u">http://www.loc.gov/chroniclingamerica/lccn/sn82014159/issues</subfield></datafield><datafield ind1="1" ind2=" " tag="029"><subfield code="a">NZ1</subfield><subfield code="b">13540515</subfield></datafield><datafield ind1="1" ind2=" " tag="029"><subfield code="a">NZ1</subfield><subfield code="b">16247173</subfield></datafield></record>